<?xml version="1.0" encoding="UTF-8"?><collection xmlns="http://www.loc.gov/MARC21/slim"><record><leader>00361nam--2200133-i-4500</leader><controlfield tag="001">000038258</controlfield><controlfield tag="002">20161230</controlfield><controlfield tag="005">20161230201041</controlfield><controlfield tag="008">060222s1000------------r-----000-0-eng-d</controlfield><datafield ind1=" " ind2=" " tag="080"><subfield code="a">519.2+51.01:53</subfield></datafield><datafield ind1=" " ind2=" " tag="100"><subfield code="a">Reboulll,George Et Jean</subfield></datafield><datafield ind1=" " ind2=" " tag="245"><subfield code="a">Probabilites physiques. essai de synthese universelle</subfield></datafield><datafield ind1=" " ind2=" " tag="260"><subfield code="a">Paris, Dunod, 1955. 262 P. + Fig</subfield></datafield><datafield ind1=" " ind2=" " tag="852"><subfield code="a">10927</subfield></datafield></record></collection>